<?xml version="1.0" encoding="UTF-8"?><collection xmlns="http://www.loc.gov/MARC21/slim"><record><leader>00505nam--2200157-i-4500</leader><controlfield tag="001">000001068</controlfield><controlfield tag="002">20161230</controlfield><controlfield tag="005">20161230201024</controlfield><controlfield tag="008">060222s1000------------r-----000-0-eng-d</controlfield><datafield ind1=" " ind2=" " tag="080"><subfield code="a">517.44(043)</subfield></datafield><datafield ind1="1" ind2=" " tag="100"><subfield code="a">Helfer,Bernard</subfield></datafield><datafield ind1="1" ind2="0" tag="245"><subfield code="a">Hypoellipticite pour des classes d operateur pseudodifferentels a caracteristiques multiples.these</subfield></datafield><datafield ind1=" " ind2=" " tag="260"><subfield code="a">Paris, Orsay, L Universite Paris-sud Centre D Orsay, 1976. 64 P</subfield></datafield><datafield ind1=" " ind2=" " tag="490"><subfield code="a">Serie A, No.1690</subfield></datafield><datafield ind1=" " ind2=" " tag="852"><subfield code="a">44125</subfield><subfield code="c">517.2/3</subfield></datafield><datafield ind1=" " ind2=" " tag="CAT"><subfield code="a">Sys</subfield><subfield code="c">20080717</subfield><subfield code="h">132501</subfield></datafield></record></collection>